<?xml version="1.0" encoding="UTF-8"?>
<collection xmlns="http://www.loc.gov/MARC21/slim">
<record>
  <controlfield tag="003">SzGeCERN</controlfield>
  <datafield tag="024" ind1="8" ind2=" ">
    <subfield code="a">oai:cds.cern.ch:2148402</subfield>
    <subfield code="p">cerncds:FULLTEXT</subfield>
    <subfield code="p">cerncds:CERN:FULLTEXT</subfield>
    <subfield code="p">cerncds:CERN</subfield>
  </datafield>
  <datafield tag="037" ind1=" " ind2=" ">
    <subfield code="a">CERN-ACC-2016-0026</subfield>
  </datafield>
  <datafield tag="041" ind1=" " ind2=" ">
    <subfield code="a">eng</subfield>
  </datafield>
  <datafield tag="100" ind1=" " ind2=" ">
    <subfield code="a">Arpaia, Pasquale</subfield>
    <subfield code="u">University of Naples Federico II</subfield>
  </datafield>
  <datafield tag="245" ind1=" " ind2=" ">
    <subfield code="a">Rotating-coil calibration in a reference quadrupole, considering roll-angle misalignment and higher-order harmonics</subfield>
  </datafield>
  <datafield tag="260" ind1=" " ind2=" ">
    <subfield code="c">2016</subfield>
  </datafield>
  <datafield tag="269" ind1=" " ind2=" ">
    <subfield code="a">Geneva</subfield>
    <subfield code="b">CERN</subfield>
    <subfield code="c">2016-03-04</subfield>
  </datafield>
  <datafield tag="520" ind1=" " ind2=" ">
    <subfield code="a">A method is proposed for calibrating the radius of a rotating coil sensor by relaxing the metrological constraints on alignment and field errors of the reference quadrupole. A coil radius calibration considering a roll-angle misalignment of the measurement bench, the magnet, and the motor-drive unit is analyzed. Then, the error arising from higher-order harmonic field imperfections in the reference quadrupole is assessed. The method is validated by numerical field computation for both the higher-order harmonic errors and the roll-angle misalignment. Finally, an experimental proof-of-principle demonstration is car-ried out in a calibration magnet with sextupole harmonic.</subfield>
  </datafield>
  <datafield tag="536" ind1=" " ind2=" ">
    <subfield code="a">FP7</subfield>
    <subfield code="c">606839</subfield>
    <subfield code="f">PACMAN</subfield>
    <subfield code="r">openAccess</subfield>
  </datafield>
  <datafield tag="595" ind1=" " ind2=" ">
    <subfield code="a">CERN Invenio WebSubmit</subfield>
    <subfield code="b">GENEU</subfield>
    <subfield code="c">0.1</subfield>
  </datafield>
  <datafield tag="595" ind1=" " ind2=" ">
    <subfield code="z">UNCL</subfield>
  </datafield>
  <datafield tag="650" ind1="1" ind2="7">
    <subfield code="a">Accelerators and Storage Rings</subfield>
    <subfield code="2">SzGeCERN</subfield>
  </datafield>
  <datafield tag="690" ind1="C" ind2=" ">
    <subfield code="a">PACMAN</subfield>
  </datafield>
  <datafield tag="690" ind1="C" ind2=" ">
    <subfield code="a">PACMANPUB</subfield>
  </datafield>
  <datafield tag="690" ind1="C" ind2=" ">
    <subfield code="a">CERN</subfield>
  </datafield>
  <datafield tag="700" ind1=" " ind2=" ">
    <subfield code="a">Buzio, Marco</subfield>
    <subfield code="u">CERN</subfield>
  </datafield>
  <datafield tag="700" ind1=" " ind2=" ">
    <subfield code="a">Köster, Oliver</subfield>
    <subfield code="u">CERN; Technical University of Darmstadt</subfield>
  </datafield>
  <datafield tag="700" ind1=" " ind2=" ">
    <subfield code="a">Russenschuck, Stephan</subfield>
    <subfield code="u">CERN</subfield>
  </datafield>
  <datafield tag="700" ind1=" " ind2=" ">
    <subfield code="a">Severino, Giordana</subfield>
    <subfield code="u">CERN; University of Sannio</subfield>
  </datafield>
  <datafield tag="773" ind1=" " ind2=" ">
    <subfield code="p">Measurement</subfield>
    <subfield code="v">87</subfield>
    <subfield code="y">2016</subfield>
    <subfield code="c">74-82</subfield>
    <subfield code="a">10.1016/j.measurement.2016.02.061</subfield>
  </datafield>
  <datafield tag="856" ind1="4" ind2=" ">
    <subfield code="8">1189567</subfield>
    <subfield code="s">1559351</subfield>
    <subfield code="u">http://cds.cern.ch/record/2148402/files/CERN-ACC-2016-0026.pdf</subfield>
  </datafield>
  <datafield tag="856" ind1="4" ind2=" ">
    <subfield code="8">1189567</subfield>
    <subfield code="s">2152314</subfield>
    <subfield code="u">http://cds.cern.ch/record/2148402/files/CERN-ACC-2016-0026.pdf?subformat=pdfa</subfield>
    <subfield code="x">pdfa</subfield>
  </datafield>
  <datafield tag="856" ind1="4" ind2=" ">
    <subfield code="8">1189567</subfield>
    <subfield code="s">3131</subfield>
    <subfield code="u">http://cds.cern.ch/record/2148402/files/CERN-ACC-2016-0026.gif?subformat=icon</subfield>
    <subfield code="x">icon</subfield>
  </datafield>
  <datafield tag="856" ind1="4" ind2=" ">
    <subfield code="8">1189567</subfield>
    <subfield code="s">5505</subfield>
    <subfield code="u">http://cds.cern.ch/record/2148402/files/CERN-ACC-2016-0026.jpg?subformat=icon-</subfield>
    <subfield code="x">icon-</subfield>
  </datafield>
  <datafield tag="859" ind1=" " ind2=" ">
    <subfield code="f">tommaso.portaluri@cern.ch</subfield>
  </datafield>
  <datafield tag="960" ind1=" " ind2=" ">
    <subfield code="a">13</subfield>
  </datafield>
  <datafield tag="963" ind1=" " ind2=" ">
    <subfield code="a">PUBLIC</subfield>
  </datafield>
  <datafield tag="980" ind1=" " ind2=" ">
    <subfield code="a">ARTICLE</subfield>
    <subfield code="b">PACMAN</subfield>
  </datafield>
</record>