
<record>
  <controlfield tag="003">SzGeCERN</controlfield>
  <datafield tag="024" ind1="8" ind2=" ">
    <subfield code="a">oai:cds.cern.ch:2132783</subfield>
    <subfield code="p">cerncds:FULLTEXT</subfield>
  </datafield>
  <datafield tag="037" ind1=" " ind2=" ">
    <subfield code="a">CERN-ACC-2015-0206</subfield>
  </datafield>
  <datafield tag="041" ind1=" " ind2=" ">
    <subfield code="a">eng</subfield>
  </datafield>
  <datafield tag="100" ind1=" " ind2=" ">
    <subfield code="a">Heller, Johann</subfield>
    <subfield code="u">U. Rostock</subfield>
  </datafield>
  <datafield tag="245" ind1=" " ind2=" ">
    <subfield code="a">Computational Benefits Using an Advanced Concatenation Scheme Based on Reduced Order Models for RF Structures</subfield>
  </datafield>
  <datafield tag="260" ind1=" " ind2=" ">
    <subfield code="c">2015</subfield>
  </datafield>
  <datafield tag="269" ind1=" " ind2=" ">
    <subfield code="a">Geneva</subfield>
    <subfield code="b">CERN</subfield>
    <subfield code="c">2015-11-01</subfield>
  </datafield>
  <datafield tag="520" ind1=" " ind2=" ">
    <subfield code="a">The computation of electromagnetic fields and parameters derived thereof for lossless radio frequency (RF) structures filled with isotropic media is an important task for the design and operation of particle accelerators. Unfortunately, these computations are often highly demanding with regard to computational effort. The entire computational demand of the problem can be reduced using decomposition schemes in order to solve the field problems on standard workstations. This paper presents one of the first detailed comparisons between the recently proposed state-space concatenation approach (SSC) and a direct computation for an accelerator cavity with coupler-elements that break the rotational symmetry.</subfield>
  </datafield>
  <datafield tag="536" ind1=" " ind2=" ">
    <subfield code="a">FP7</subfield>
    <subfield code="c">312453</subfield>
    <subfield code="f">EuCARD2</subfield>
    <subfield code="r">openAccess</subfield>
  </datafield>
  <datafield tag="595" ind1=" " ind2=" ">
    <subfield code="a">CERN Invenio WebSubmit</subfield>
    <subfield code="b">GENEU</subfield>
    <subfield code="c">0.1</subfield>
  </datafield>
  <datafield tag="595" ind1=" " ind2=" ">
    <subfield code="z">UNCL</subfield>
  </datafield>
  <datafield tag="650" ind1="1" ind2="7">
    <subfield code="2">SzGeCERN</subfield>
    <subfield code="a">Accelerators and Storage Rings</subfield>
  </datafield>
  <datafield tag="650" ind1="1" ind2="7">
    <subfield code="2">EuCARD2</subfield>
    <subfield code="a">12: Innovative Radio Frequency Technologies (RF)</subfield>
    <subfield code="b">WP</subfield>
  </datafield>
  <datafield tag="650" ind1="1" ind2="7">
    <subfield code="2">EuCARD2</subfield>
    <subfield code="a">12.4: SRF HOM Beam Diagnostics</subfield>
    <subfield code="b">Task</subfield>
  </datafield>
  <datafield tag="653" ind1="1" ind2=" ">
    <subfield code="2">author</subfield>
    <subfield code="a">Numerical techniques</subfield>
  </datafield>
  <datafield tag="653" ind1="1" ind2=" ">
    <subfield code="2">author</subfield>
    <subfield code="a">Model order reduction</subfield>
  </datafield>
  <datafield tag="653" ind1="1" ind2=" ">
    <subfield code="2">author</subfield>
    <subfield code="a">Eigenvalue problems</subfield>
  </datafield>
  <datafield tag="653" ind1="1" ind2=" ">
    <subfield code="2">author</subfield>
    <subfield code="a">Wideband equivalent model</subfield>
  </datafield>
  <datafield tag="653" ind1="1" ind2=" ">
    <subfield code="2">author</subfield>
    <subfield code="a">Accelerator physics</subfield>
  </datafield>
  <datafield tag="690" ind1="C" ind2=" ">
    <subfield code="a">EuCARD2</subfield>
  </datafield>
  <datafield tag="690" ind1="C" ind2=" ">
    <subfield code="a">EuCARD2PUB</subfield>
  </datafield>
  <datafield tag="700" ind1=" " ind2=" ">
    <subfield code="a">Flisgen, Thomas</subfield>
    <subfield code="u">U. Rostock</subfield>
  </datafield>
  <datafield tag="700" ind1=" " ind2=" ">
    <subfield code="a">Van Rienen, Ursula</subfield>
    <subfield code="u">U. Rostock</subfield>
  </datafield>
  <datafield tag="773" ind1=" " ind2=" ">
    <subfield code="a">10.1016/j.phpro.2015.11.060</subfield>
    <subfield code="c">38-45</subfield>
    <subfield code="p">Physics Procedia</subfield>
    <subfield code="v">79</subfield>
    <subfield code="y">2015</subfield>
  </datafield>
  <datafield tag="856" ind1="4" ind2=" ">
    <subfield code="8">1180105</subfield>
    <subfield code="s">158366</subfield>
    <subfield code="u">http://cds.cern.ch/record/2132783/files/CERN-ACC-2015-0206.pdf</subfield>
  </datafield>
  <datafield tag="856" ind1="4" ind2=" ">
    <subfield code="8">1180105</subfield>
    <subfield code="s">1445250</subfield>
    <subfield code="u">http://cds.cern.ch/record/2132783/files/CERN-ACC-2015-0206.pdf?subformat=pdfa</subfield>
    <subfield code="x">pdfa</subfield>
  </datafield>
  <datafield tag="856" ind1="4" ind2=" ">
    <subfield code="8">1180105</subfield>
    <subfield code="s">2706</subfield>
    <subfield code="u">http://cds.cern.ch/record/2132783/files/CERN-ACC-2015-0206.gif?subformat=icon</subfield>
    <subfield code="x">icon</subfield>
  </datafield>
  <datafield tag="856" ind1="4" ind2=" ">
    <subfield code="8">1180105</subfield>
    <subfield code="s">3766</subfield>
    <subfield code="u">http://cds.cern.ch/record/2132783/files/CERN-ACC-2015-0206.jpg?subformat=icon-</subfield>
    <subfield code="x">icon-</subfield>
  </datafield>
  <datafield tag="859" ind1=" " ind2=" ">
    <subfield code="f">julia.double@cern.ch</subfield>
  </datafield>
  <datafield tag="960" ind1=" " ind2=" ">
    <subfield code="a">13</subfield>
  </datafield>
  <datafield tag="963" ind1=" " ind2=" ">
    <subfield code="a">PUBLIC</subfield>
  </datafield>
  <datafield tag="980" ind1=" " ind2=" ">
    <subfield code="a">ARTICLE</subfield>
    <subfield code="b">EuCARD2</subfield>
  </datafield>
</record>