
<record>
  <controlfield tag="003">SzGeCERN</controlfield>
  <datafield tag="024" ind1="8" ind2=" ">
    <subfield code="a">oai:cds.cern.ch:2132775</subfield>
    <subfield code="p">cerncds:FULLTEXT</subfield>
  </datafield>
  <datafield tag="037" ind1=" " ind2=" ">
    <subfield code="a">CERN-ACC-2015-0204</subfield>
  </datafield>
  <datafield tag="041" ind1=" " ind2=" ">
    <subfield code="a">eng</subfield>
  </datafield>
  <datafield tag="100" ind1=" " ind2=" ">
    <subfield code="a">Heller, Johann</subfield>
    <subfield code="u">U. Rostock</subfield>
  </datafield>
  <datafield tag="245" ind1=" " ind2=" ">
    <subfield code="a">Uncertainty Quantification for Complex RF-structures Using the State-space Concatenation Approach</subfield>
  </datafield>
  <datafield tag="260" ind1=" " ind2=" ">
    <subfield code="c">2015</subfield>
  </datafield>
  <datafield tag="269" ind1=" " ind2=" ">
    <subfield code="a">Geneva</subfield>
    <subfield code="b">CERN</subfield>
    <subfield code="c">2015-07-06</subfield>
  </datafield>
  <datafield tag="520" ind1=" " ind2=" ">
    <subfield code="a">In various applications of computational engineering and accelerator physics, the computation of the electromagnetic behavior of a structure is of crucial importance for the design and operation. The electromagnetic properties of the structure depend on its geometry, which, for real-life radio-frequency (RF) structures, generally deviates from their design values due to fabrication tolerances and operation. To make assessments about the effects of such deviations
as well as to employ robust optimizations, a so-called uncertainty quantification (UQ) is applied. For large and complex structures such computations are heavily demanding and cannot be carried out using standard brute-force approaches. In this paper, we propose a combination of established techniques to perform UQ for long and complex structures, where the uncertainty is located only in parts of the structure. As exemplary structure, we investigate the third-harmonic cavity, which is being used at the FLASH accelerator at DESY, assuming an uncertain geometry of the left higher order mode coupler. The investigation is carried out using the so-called polynomial chaos expansion (gPC). For that, the repeated numerical solution of Maxwell’s equations is necessary. Usually, such investigations are carried out on supercomputers or small computer clusters with heavily parallelized code. Due to the fact that maximum-performance computational infrastructure is scarce and expensive, the electromagnetic properties are being computed on standard workstation computers using a newly proposed non-overlapping domain decomposition scheme named State-Space Concatenation (SSC) which is based on model-order reduction of the decomposed segments. Using the SSC scheme has the most important advantage that only the uncertain part of the structure, in our case the left coupler, needs to be recomputed when using a non-intrusive scheme like gPC. In comparison to the huge computational demand of a straightforward simulation, the combination of uncertainty quantification and model-order reduction allows for a reasonable improvement of the computational efficiency. Both schemes can be separately applied to structures related to accelerator physics. Yet, just their combination will enable the investigation of long and complex structures beyond the scope of standard approaches.</subfield>
  </datafield>
  <datafield tag="536" ind1=" " ind2=" ">
    <subfield code="a">FP7</subfield>
    <subfield code="c">312453</subfield>
    <subfield code="f">EuCARD2</subfield>
    <subfield code="r">openAccess</subfield>
  </datafield>
  <datafield tag="595" ind1=" " ind2=" ">
    <subfield code="a">CERN Invenio WebSubmit</subfield>
    <subfield code="b">GENEU</subfield>
    <subfield code="c">0.1</subfield>
  </datafield>
  <datafield tag="595" ind1=" " ind2=" ">
    <subfield code="z">UNCL</subfield>
  </datafield>
  <datafield tag="650" ind1="1" ind2="7">
    <subfield code="2">SzGeCERN</subfield>
    <subfield code="a">Accelerators and Storage Rings</subfield>
  </datafield>
  <datafield tag="650" ind1="1" ind2="7">
    <subfield code="2">EuCARD2</subfield>
    <subfield code="a">12: Innovative Radio Frequency Technologies (RF)</subfield>
    <subfield code="b">WP</subfield>
  </datafield>
  <datafield tag="650" ind1="1" ind2="7">
    <subfield code="2">EuCARD2</subfield>
    <subfield code="a">12.4: SRF HOM Beam Diagnostics</subfield>
    <subfield code="b">Task</subfield>
  </datafield>
  <datafield tag="690" ind1="C" ind2=" ">
    <subfield code="a">EuCARD2</subfield>
  </datafield>
  <datafield tag="690" ind1="C" ind2=" ">
    <subfield code="a">EuCARD2PUB</subfield>
  </datafield>
  <datafield tag="700" ind1=" " ind2=" ">
    <subfield code="a">Flisgen, Thomas</subfield>
    <subfield code="u">U. Rostock</subfield>
  </datafield>
  <datafield tag="700" ind1=" " ind2=" ">
    <subfield code="a">Schmidt, Christian</subfield>
    <subfield code="u">U. Rostock</subfield>
  </datafield>
  <datafield tag="700" ind1=" " ind2=" ">
    <subfield code="a">Van Rienen, Ursula</subfield>
    <subfield code="u">U. Rostock</subfield>
  </datafield>
  <datafield tag="773" ind1=" " ind2=" ">
    <subfield code="c">374-378</subfield>
    <subfield code="p">PIERS 2015 Prague Proceedings</subfield>
    <subfield code="y">2015</subfield>
  </datafield>
  <datafield tag="856" ind1="4" ind2=" ">
    <subfield code="8">1180093</subfield>
    <subfield code="s">141266</subfield>
    <subfield code="u">http://cds.cern.ch/record/2132775/files/CERN-ACC-2015-0204.pdf</subfield>
  </datafield>
  <datafield tag="856" ind1="4" ind2=" ">
    <subfield code="8">1180093</subfield>
    <subfield code="s">1444644</subfield>
    <subfield code="u">http://cds.cern.ch/record/2132775/files/CERN-ACC-2015-0204.pdf?subformat=pdfa</subfield>
    <subfield code="x">pdfa</subfield>
  </datafield>
  <datafield tag="856" ind1="4" ind2=" ">
    <subfield code="8">1180093</subfield>
    <subfield code="s">2654</subfield>
    <subfield code="u">http://cds.cern.ch/record/2132775/files/CERN-ACC-2015-0204.gif?subformat=icon</subfield>
    <subfield code="x">icon</subfield>
  </datafield>
  <datafield tag="856" ind1="4" ind2=" ">
    <subfield code="8">1180093</subfield>
    <subfield code="s">3827</subfield>
    <subfield code="u">http://cds.cern.ch/record/2132775/files/CERN-ACC-2015-0204.jpg?subformat=icon-</subfield>
    <subfield code="x">icon-</subfield>
  </datafield>
  <datafield tag="859" ind1=" " ind2=" ">
    <subfield code="f">julia.double@cern.ch</subfield>
  </datafield>
  <datafield tag="960" ind1=" " ind2=" ">
    <subfield code="a">13</subfield>
  </datafield>
  <datafield tag="963" ind1=" " ind2=" ">
    <subfield code="a">PUBLIC</subfield>
  </datafield>
  <datafield tag="980" ind1=" " ind2=" ">
    <subfield code="a">ARTICLE</subfield>
    <subfield code="b">EuCARD2</subfield>
  </datafield>
</record>