
<record>
  <datafield tag="024" ind1="8" ind2=" ">
    <subfield code="a">oai:cds.cern.ch:2114414</subfield>
    <subfield code="p">cerncds:FULLTEXT</subfield>
    <subfield code="p">cerncds:CERN:FULLTEXT</subfield>
    <subfield code="p">cerncds:CERN</subfield>
  </datafield>
  <datafield tag="035" ind1=" " ind2=" ">
    <subfield code="9">Inspire</subfield>
    <subfield code="a">1417796</subfield>
  </datafield>
  <datafield tag="037" ind1=" " ind2=" ">
    <subfield code="a">CERN-ACC-2015-0197</subfield>
  </datafield>
  <datafield tag="041" ind1=" " ind2=" ">
    <subfield code="a">eng</subfield>
  </datafield>
  <datafield tag="100" ind1=" " ind2=" ">
    <subfield code="0">AUTHOR|(INSPIRE)INSPIRE-00218654</subfield>
    <subfield code="0">AUTHOR|(SzGeCERN)644361</subfield>
    <subfield code="0">AUTHOR|(CDS)2073071</subfield>
    <subfield code="a">Kwee-Hinzmann, Regina</subfield>
    <subfield code="m">regina.kwee@cern.ch</subfield>
    <subfield code="u">Royal Holloway, U. of London</subfield>
  </datafield>
  <datafield tag="245" ind1=" " ind2=" ">
    <subfield code="a">Beam Induced Background Simulation Studies at IR1 with New High Luminosity LHC Layout</subfield>
  </datafield>
  <datafield tag="260" ind1=" " ind2=" ">
    <subfield code="c">2015</subfield>
  </datafield>
  <datafield tag="269" ind1=" " ind2=" ">
    <subfield code="a">Geneva</subfield>
    <subfield code="b">CERN</subfield>
    <subfield code="c">03 May 2015</subfield>
  </datafield>
  <datafield tag="300" ind1=" " ind2=" ">
    <subfield code="a">4 p</subfield>
  </datafield>
  <datafield tag="520" ind1=" " ind2=" ">
    <subfield code="a">In the High Luminosity LHC (HL-LHC), the collimation system will be upgraded in the high-luminosity experimental regions. Additional protection is planned for the Q4 and Q5 magnets that are located further upstream of the tertiary collimators that protect the inner triplet magnets. We evaluate the effect of this proposed collimation layout for the incoming beam 1 on machine-induced background in the experimental area of IR1 (ATLAS). The main scenario is the round optics with β$^∗$ of 15 cm, but a flat scenario is also briefly discussed</subfield>
  </datafield>
  <datafield tag="540" ind1=" " ind2=" ">
    <subfield code="3">Publication</subfield>
    <subfield code="a">CC-BY-3.0</subfield>
  </datafield>
  <datafield tag="542" ind1=" " ind2=" ">
    <subfield code="3">Publication</subfield>
    <subfield code="d">The Author(s)</subfield>
    <subfield code="g">2015</subfield>
  </datafield>
  <datafield tag="595" ind1=" " ind2=" ">
    <subfield code="a">CERN EDS</subfield>
  </datafield>
  <datafield tag="595" ind1=" " ind2=" ">
    <subfield code="z">UNCL</subfield>
  </datafield>
  <datafield tag="650" ind1="1" ind2="7">
    <subfield code="2">SzGeCERN</subfield>
    <subfield code="a">Accelerators and Storage Rings</subfield>
  </datafield>
  <datafield tag="653" ind1="1" ind2=" ">
    <subfield code="9">CERN</subfield>
    <subfield code="a">High Luminosity LHC upgrade</subfield>
  </datafield>
  <datafield tag="690" ind1="C" ind2=" ">
    <subfield code="a">CERN</subfield>
  </datafield>
  <datafield tag="690" ind1="C" ind2=" ">
    <subfield code="a">ARTICLE</subfield>
  </datafield>
  <datafield tag="693" ind1=" " ind2=" ">
    <subfield code="a">Not applicable</subfield>
    <subfield code="e">Not applicable</subfield>
  </datafield>
  <datafield tag="693" ind1=" " ind2=" ">
    <subfield code="a">CERN LHC</subfield>
  </datafield>
  <datafield tag="700" ind1=" " ind2=" ">
    <subfield code="0">AUTHOR|(INSPIRE)INSPIRE-00214737</subfield>
    <subfield code="0">AUTHOR|(SzGeCERN)525625</subfield>
    <subfield code="0">AUTHOR|(CDS)2072480</subfield>
    <subfield code="a">Gibson, Stephen</subfield>
    <subfield code="m">Stephen.Gibson@cern.ch</subfield>
    <subfield code="u">Royal Holloway, U. of London</subfield>
  </datafield>
  <datafield tag="700" ind1=" " ind2=" ">
    <subfield code="0">AUTHOR|(CDS)2068843</subfield>
    <subfield code="0">AUTHOR|(SzGeCERN)631653</subfield>
    <subfield code="a">Bruce, Roderik</subfield>
    <subfield code="m">Roderik.Bruce@cern.ch</subfield>
    <subfield code="u">CERN</subfield>
  </datafield>
  <datafield tag="700" ind1=" " ind2=" ">
    <subfield code="0">AUTHOR|(CDS)2071252</subfield>
    <subfield code="0">AUTHOR|(SzGeCERN)609400</subfield>
    <subfield code="a">Cerutti, Francesco</subfield>
    <subfield code="m">Francesco.Cerutti@cern.ch</subfield>
    <subfield code="u">CERN</subfield>
  </datafield>
  <datafield tag="700" ind1=" " ind2=" ">
    <subfield code="0">AUTHOR|(CDS)2079212</subfield>
    <subfield code="0">AUTHOR|(SzGeCERN)555839</subfield>
    <subfield code="a">Esposito, Luigi Salvatore</subfield>
    <subfield code="m">luigi.salvatore.esposito@cern.ch</subfield>
    <subfield code="u">CERN</subfield>
  </datafield>
  <datafield tag="700" ind1=" " ind2=" ">
    <subfield code="0">AUTHOR|(CDS)2072767</subfield>
    <subfield code="0">AUTHOR|(SzGeCERN)663552</subfield>
    <subfield code="a">Lechner, Anton</subfield>
    <subfield code="m">Anton.Lechner@cern.ch</subfield>
    <subfield code="u">CERN</subfield>
  </datafield>
  <datafield tag="710" ind1=" " ind2=" ">
    <subfield code="5">ATS</subfield>
  </datafield>
  <datafield tag="856" ind1="4" ind2=" ">
    <subfield code="8">1171768</subfield>
    <subfield code="s">233290</subfield>
    <subfield code="u">http://cds.cern.ch/record/2114414/files/CERN-ACC-2015-0197.pdf</subfield>
    <subfield code="y">Fulltext</subfield>
  </datafield>
  <datafield tag="856" ind1="4" ind2=" ">
    <subfield code="8">1171768</subfield>
    <subfield code="s">1531877</subfield>
    <subfield code="u">http://cds.cern.ch/record/2114414/files/CERN-ACC-2015-0197.pdf?subformat=pdfa</subfield>
    <subfield code="x">pdfa</subfield>
  </datafield>
  <datafield tag="859" ind1=" " ind2=" ">
    <subfield code="f">lali.glonti@cern.ch</subfield>
  </datafield>
  <datafield tag="916" ind1=" " ind2=" ">
    <subfield code="s">n</subfield>
    <subfield code="w">201551</subfield>
  </datafield>
  <datafield tag="960" ind1=" " ind2=" ">
    <subfield code="a">13</subfield>
  </datafield>
  <datafield tag="962" ind1=" " ind2=" ">
    <subfield code="b">2024999</subfield>
    <subfield code="k">TUPTY067</subfield>
    <subfield code="n">richmond20150503</subfield>
  </datafield>
  <datafield tag="963" ind1=" " ind2=" ">
    <subfield code="a">PUBLIC</subfield>
  </datafield>
  <datafield tag="980" ind1=" " ind2=" ">
    <subfield code="a">ARTICLE</subfield>
  </datafield>
</record>