
<record>
  <datafield tag="024" ind1="8" ind2=" ">
    <subfield code="a">oai:cds.cern.ch:2114092</subfield>
    <subfield code="p">cerncds:FULLTEXT</subfield>
    <subfield code="p">cerncds:CERN:FULLTEXT</subfield>
    <subfield code="p">cerncds:CERN</subfield>
  </datafield>
  <datafield tag="037" ind1=" " ind2=" ">
    <subfield code="a">CERN-ACC-2015-0186</subfield>
  </datafield>
  <datafield tag="041" ind1=" " ind2=" ">
    <subfield code="a">eng</subfield>
  </datafield>
  <datafield tag="100" ind1=" " ind2=" ">
    <subfield code="a">Park, Hyekyung</subfield>
    <subfield code="u">Old Dominion U.</subfield>
  </datafield>
  <datafield tag="245" ind1=" " ind2=" ">
    <subfield code="a">Engineering Study of Crab Cavity HOM Couplers for LHC High Luminosity Upgrade</subfield>
  </datafield>
  <datafield tag="260" ind1=" " ind2=" ">
    <subfield code="c">2015</subfield>
  </datafield>
  <datafield tag="269" ind1=" " ind2=" ">
    <subfield code="a">Geneva</subfield>
    <subfield code="b">CERN</subfield>
    <subfield code="c">03 May 2015</subfield>
  </datafield>
  <datafield tag="300" ind1=" " ind2=" ">
    <subfield code="a">3 p</subfield>
  </datafield>
  <datafield tag="520" ind1=" " ind2=" ">
    <subfield code="a">The LHC is planning to employ crab cavities for the high luminosity upgrade. Old Dominion University and SLAC National Laboratory are developing a crab cavity completed with the HOM damping couplers [1]. The HOM couplers are coaxial type and perform over broadband up to 2 GHz. The amount of extracted power requires active cooling using liquid helium. The electromagnetic study has provided expected power dissipation on the coupler. Correlations between the fabrication tolerance and its damping performance have been studied and the results are providing guidelines on how to manufacture the HOM couplers. This paper summarizes the engineering studies; mechanical strength as a part of pressure system, thermal stability, and fabrication method to ensure the required tolerance.</subfield>
  </datafield>
  <datafield tag="540" ind1=" " ind2=" ">
    <subfield code="3">Publication</subfield>
    <subfield code="a">CC-BY-3.0</subfield>
  </datafield>
  <datafield tag="542" ind1=" " ind2=" ">
    <subfield code="3">Publication</subfield>
    <subfield code="d">The Author(s)</subfield>
    <subfield code="g">2015</subfield>
  </datafield>
  <datafield tag="595" ind1=" " ind2=" ">
    <subfield code="a">CERN EDS</subfield>
  </datafield>
  <datafield tag="595" ind1=" " ind2=" ">
    <subfield code="z">UNCL</subfield>
  </datafield>
  <datafield tag="650" ind1="1" ind2="7">
    <subfield code="2">SzGeCERN</subfield>
    <subfield code="a">Accelerators and Storage Rings</subfield>
  </datafield>
  <datafield tag="653" ind1="1" ind2=" ">
    <subfield code="9">CERN</subfield>
    <subfield code="a">High luminosity upgrade</subfield>
  </datafield>
  <datafield tag="653" ind1="1" ind2=" ">
    <subfield code="9">CERN</subfield>
    <subfield code="a">Crab cavity</subfield>
  </datafield>
  <datafield tag="690" ind1="C" ind2=" ">
    <subfield code="a">CERN</subfield>
  </datafield>
  <datafield tag="690" ind1="C" ind2=" ">
    <subfield code="a">ARTICLE</subfield>
  </datafield>
  <datafield tag="693" ind1=" " ind2=" ">
    <subfield code="a">Not applicable</subfield>
    <subfield code="e">Not applicable</subfield>
  </datafield>
  <datafield tag="693" ind1=" " ind2=" ">
    <subfield code="a">CERN LHC</subfield>
  </datafield>
  <datafield tag="700" ind1=" " ind2=" ">
    <subfield code="a">Olave, R G</subfield>
    <subfield code="u">Old Dominion U.</subfield>
  </datafield>
  <datafield tag="700" ind1=" " ind2=" ">
    <subfield code="0">AUTHOR|(CDS)2090476</subfield>
    <subfield code="0">AUTHOR|(SzGeCERN)755384</subfield>
    <subfield code="a">Delayen, Jean Roger</subfield>
    <subfield code="m">jean.roger.delayen@cern.ch</subfield>
    <subfield code="u">Old Dominion U.</subfield>
  </datafield>
  <datafield tag="700" ind1=" " ind2=" ">
    <subfield code="a">De Silva, S U</subfield>
    <subfield code="u">Old Dominion U.</subfield>
  </datafield>
  <datafield tag="700" ind1=" " ind2=" ">
    <subfield code="a">Li, Z</subfield>
    <subfield code="u">SLAC</subfield>
  </datafield>
  <datafield tag="700" ind1=" " ind2=" ">
    <subfield code="a">Nicol, T H</subfield>
    <subfield code="u">Fermilab</subfield>
  </datafield>
  <datafield tag="700" ind1=" " ind2=" ">
    <subfield code="0">AUTHOR|(CDS)2083887</subfield>
    <subfield code="0">AUTHOR|(SzGeCERN)734982</subfield>
    <subfield code="a">Capelli, Teddy</subfield>
    <subfield code="m">teddy.capelli@cern.ch</subfield>
    <subfield code="u">CERN</subfield>
  </datafield>
  <datafield tag="700" ind1=" " ind2=" ">
    <subfield code="0">AUTHOR|(CDS)2089283</subfield>
    <subfield code="0">AUTHOR|(SzGeCERN)751988</subfield>
    <subfield code="a">Templeton, Niklas John</subfield>
    <subfield code="m">niklas.john.templeton@cern.ch</subfield>
    <subfield code="u">Daresbury</subfield>
  </datafield>
  <datafield tag="710" ind1=" " ind2=" ">
    <subfield code="5">ATS</subfield>
  </datafield>
  <datafield tag="856" ind1="4" ind2=" ">
    <subfield code="8">1171643</subfield>
    <subfield code="s">818884</subfield>
    <subfield code="u">http://cds.cern.ch/record/2114092/files/CERN-ACC-2015-0186.pdf</subfield>
    <subfield code="y">Fulltext</subfield>
  </datafield>
  <datafield tag="856" ind1="4" ind2=" ">
    <subfield code="8">1171643</subfield>
    <subfield code="s">1859130</subfield>
    <subfield code="u">http://cds.cern.ch/record/2114092/files/CERN-ACC-2015-0186.pdf?subformat=pdfa</subfield>
    <subfield code="x">pdfa</subfield>
  </datafield>
  <datafield tag="859" ind1=" " ind2=" ">
    <subfield code="f">lali.glonti@cern.ch</subfield>
  </datafield>
  <datafield tag="916" ind1=" " ind2=" ">
    <subfield code="s">n</subfield>
    <subfield code="w">201551</subfield>
  </datafield>
  <datafield tag="960" ind1=" " ind2=" ">
    <subfield code="a">13</subfield>
  </datafield>
  <datafield tag="962" ind1=" " ind2=" ">
    <subfield code="b">2024999</subfield>
    <subfield code="k">WEPWI039</subfield>
    <subfield code="n">richmond20150503</subfield>
  </datafield>
  <datafield tag="963" ind1=" " ind2=" ">
    <subfield code="a">PUBLIC</subfield>
  </datafield>
  <datafield tag="980" ind1=" " ind2=" ">
    <subfield code="a">ARTICLE</subfield>
  </datafield>
</record>